@Book{Dab,
author       =       {Vahid Dabbaghian-Abdoly},
title        =       {An algorithm to construct representations of finite groups},
publisher    =       {Ph.D. thesis, Dept. Mathematics},
address      =       {Univ. Carleton},
year         =        2003
}

@InProceedings{Dix93,
author       =       {John D. Dixon},
title        =       {Constructing representations of finite groups},
booktitle    =       {Groups and Computation},
pages        =       {105--112},
year         =       1993,
volume       =       11,
series       =       {Dimacs Series in Discrete Mathematics and Theoretical Computer Science}
}


.
